% This file was created with Citavi 4.4.0.28

@misc{.,
 title = {Thesen und Hintergr{\"u}nde zum Nutzen von Speichern in netzgekoppelten PV-Anlagen},
 url = {http://www.pv-nutzen.rwth-aachen.de/wp-content/uploads/2013/05/Thesen\textunderscore Hintergr\%C3\%BCnde\textunderscore PV-Nutzen.pdf},
 urldate = {21.12.2014}
}


@misc{.b,
 title = {{\"U}berstragungsnetzbetreiber 50Hertz},
 url = {http://www.50hertz.com},
 urldate = {05.01.2015}
}


@book{.2011,
 year = {2011},
 title = {Regenerative Energiesysteme, m. DVD-ROM},
 address = {[S.l.]},
 publisher = {Hanser Fachbuchverlag},
 isbn = {9783446427327}
}


@book{Baehr.2006,
 author = {Baehr, Hans Dieter and Stephan, Karl},
 year = {2006},
 title = {W{\"a}rme- und Stoff{\"u}bertragung},
 address = {Berlin [u.a.]},
 edition = {5., neu bearb. Aufl},
 publisher = {Springer},
 isbn = {3540323341}
}


@misc{Bundestag.21.07.2014,
 author = {Bundestag},
 title = {Gesetz f{\"u}r den Ausbau erneuerbarer Energien: EEG 2014},
 year = {21.07.2014},
 url = {http://www.gesetze-im-internet.de/bundesrecht/eeg\textunderscore 2014/gesamt.pdf},
 urldate = {05.01.2015}
}


@misc{ChristianLorenz.,
 author = {{Christian~Lorenz} and {Gerd~Schroeder}},
 title = {Kurzexpertise Wirtschaftlichkeit Batteriespeicher},
 url = {http://www.ie-leipzig.com/010-dateien/referenzen/pdf/ie\textunderscore 2014-01-29\textunderscore wirtschaftlichkeit-batteriespeicher\textunderscore kurzexpertise.pdf}
}


@misc{Dipl.Ing.(FH)MarkusJaschinsky.,
 author = {{Dipl.-Ing.~(FH)~Markus~Jaschinsky}},
 title = {Netzfrequenz in Deutschland},
 url = {http://www.netzfrequenz.info/},
 urldate = {05.01.2015}
}


@misc{M.Sc.GeorgFuchs.2012,
 author = {{M.~Sc.~Georg~Fuchs} and {ipl.-Ing.~Benedikt~Lunz} and {r.~Matthias~Leuthold} and {rof.~Dr.~rer.~nat.~Dirk~Uwe~Sauer}},
 year = {2012},
 title = {Technologischer {\"U}berblick zur Speicherung von Elektrizit{\"a}t},
 url = {http://www.sefep.eu/activities/projects-studies/Ueberblick\textunderscore Speichertechnologien\textunderscore SEFEP\textunderscore deutsch.pdf}
}


@misc{NorbertMertzsch.,
 author = {{Norbert~Mertzsch}},
 title = {Speicherung Erneuerbarer Energien ‒ Versuch eines {\"U}berblicks},
 url = {http://www.leibnizsozietaet.de/wp-content/uploads/2014/01/mertzsch.pdf},
 urldate = {21.12.2014}
}


